@book{koller2009probabilistic,
  title={Probabilistic graphical models: principles and techniques},
  author={Koller, D. and Friedman, N.},
  year={2009},
  publisher={MIT press}
}

